@Book{Knuth:1984,
  author    = {Donald Knuth},
  date      = {1984},
  title     = {The \TeX\ Book},
  publisher = {Addison-Wesley},
}

@Article{ziegenhagen:2017,
  author       = {Uwe Ziegenhagen},
  title        = {Wie man einen eigenen TeX Live Mirror aufsetzt},
  journal      = {DTK},
  journaltitle = {Die \TeX nische Kom√∂die},
  year         = {2017},
  number       = {2},
}


@Comment{jabref-meta: databaseType:biblatex;}
